@misc{creighton2001laser,
  title={Laser alignment system},
  author={Creighton, A.M.},
  url={https://www.google.com/patents/US6308428},
  year={2001},
  month=oct # "~30",
  publisher={Google Patents},
  note={US Patent 6,308,428}
} 